@article{Bahmani2010a,
    title = {{(POP-036) [S70] A survey of interoperability in Enterprise Information Security Architecture frameworks}},
    year = {2010},
    journal = {2nd International Conference on Information Science and Engineering (ICISE), 2010},
    author = {Bahmani, Faezeh and Shariati, Marzieh and Shams, Fereidoon},
    pages = {4},
    publisher = {IEEE},
    url = {http://ieeexplore.ieee.org/xpls/abs_all.jsp?arnumber=5691153},
    keywords = {Enterprise information security, architecture, ea, eis, eisa, enterprise architecture, enterprise information, enterprise security management, esm, information security management, interoperability, ism, security}
}

@article{Plataniotis2014a,
    title = {{A computational approach for design rationalization in Enterprise Architecture}},
    year = {2014},
    journal = {2014 IEEE Eighth International Conference on Research Challenges in Information Science (RCIS)},
    author = {Plataniotis, Georgios and Proper, Henderik A. and de Kinderen, Sybren},
    number = {1},
    pages = {1--2},
    publisher = {IEEE},
    url = {http://ieeexplore.ieee.org/document/6861090/},
    isbn = {978-1-4799-2393-9},
    doi = {10.1109/RCIS.2014.6861090},
    issn = {21511357},
    keywords = {between languages for ea, bridge, computational assessment, design, design rationale, enterprise architecture, prominently archimate, proto-, thus allowing for a, to metamodel-based ea artifacts, type implementation}
}

@article{R.Aroulcanessane2013a,
    title = {{A Frameworkfor Analysing the System Quality}},
    year = {2013},
    journal = {International Conference on Circuits, Power and Computing Technologies},
    author = {Canessane, R. Aroul and Srinivasan, S.},
    pages = {1111--1115},
    publisher = {IEEE},
    isbn = {9781467349222},
    keywords = {analysis, architecture, chance nodes, influenced}
}

@article{Maheshwari2011b,
    title = {{A multi-level framework for measuring and benchmarking public service organizations: connecting stages-of-growth models and enterprise architecture}},
    year = {2011},
    journal = {Proceedings of the 5th International Conference on Theory and Practice of Electronic Governance},
    author = {Maheshwari, Devender and Janssen, Marijn and van Veenstra, Anne Fleur},
    pages = {73--80},
    publisher = {ACM},
    url = {http://dl.acm.org/citation.cfm?id=2072069.2072083&coll=DL&dl=GUIDE&CFID=90484990&CFTOKEN=53164147},
    isbn = {9781450307468},
    doi = {10.1145/2072069.2072083},
    keywords = {enterprise architecture}
}

@article{Hesse2017a,
    title = {{A New Application Benchmark for Data Stream Processing Architectures in an Enterprise Context}},
    year = {2017},
    journal = {Proceedings of the 11th ACM International Conference on Distributed and Event-based Systems  - DEBS '17},
    author = {Hesse, Guenter and Matthies, Christoph and Reissaus, Benjamin and Uflacker, Matthias},
    pages = {359--362},
    publisher = {ACM},
    url = {http://dl.acm.org/citation.cfm?doid=3093742.3093902},
    isbn = {9781450350655},
    doi = {10.1145/3093742.3093902},
    keywords = {acm reference format, benchmark development, data, internet of ings, performance benchmarking, stream processing}
}

@article{Agievich2012a,
    title = {{A new approach for collaborative Enterprise Architecture development}},
    year = {2012},
    journal = {Proceedings - 2012 7th International Forum on Strategic Technology, IFOST 2012},
    author = {Agievich, V. and Taratukhin, V. and Becker, J. and Gimranov, R.},
    publisher = {IEEE},
    isbn = {9781467317702},
    doi = {10.1109/IFOST.2012.6357672},
    keywords = {-enterprise architecture, architecture framework, bpm, it, large company, metamodel, solution architecture}
}

@article{Qinghui2010a,
    title = {{A New Customer Care Information System Architecture Model Integrated EA with SOA in Power Supply Enterprise}},
    year = {2010},
    journal = {2010 International Conference on E-Business and E-Government},
    author = {Qinghui, Hu and Xiaozhen, Li and Zhongfu, Tan},
    pages = {659--662},
    publisher = {IEEE},
    url = {http://ieeexplore.ieee.org/document/5591663/},
    isbn = {978-1-4244-6647-4},
    doi = {10.1109/ICEE.2010.172},
    keywords = {-component, an, architecture model, but rather to adopt, ea, for the reconstruction of, infrastructure and applications, new, products and new technology, soa, to choose instead of}
}

@article{Langermeier2014a,
    title = {{A Unified Framework for Enterprise Architecture Analysis}},
    year = {2014},
    journal = {2014 IEEE 18th International Enterprise Distributed Object Computing Conference Workshops and Demonstrations},
    author = {Langermeier, Melanie and Saad, Christian and Bauer, Bernhard},
    pages = {227--236},
    publisher = {IEEE},
    url = {http://ieeexplore.ieee.org/document/6975366/},
    isbn = {978-1-4799-5467-4},
    doi = {10.1109/EDOCW.2014.42}
}

@article{Feltus2015a,
    title = {{Alignment of ReMMo with RBAC to manage access rights in the frame of enterprise architecture}},
    year = {2015},
    journal = {Proceedings - International Conference on Research Challenges in Information Science},
    author = {Feltus, Christophe and DuBois, Eric and Petit, Michael},
    number = {June},
    pages = {262--273},
    volume = {2015-June},
    publisher = {IEEE},
    isbn = {9781467366304},
    doi = {10.1109/RCIS.2015.7128887},
    issn = {21511357},
    keywords = {Access rights, ArchiMate, Business/IT alignment, Enterprise architecture, RBAC, Responsibility model}
}

@article{Glissmann2011a,
    title = {{An Approach to Building Effective Enterprise Architectures}},
    year = {2011},
    journal = {2011 44th Hawaii International Conference on System Sciences},
    author = {Glissmann, S M and Sanz, J},
    pages = {1--10},
    publisher = {IEEE},
    url = {http://ieeexplore.ieee.org/document/5718914/},
    isbn = {978-1-4244-9618-1},
    doi = {10.1109/HICSS.2011.48},
    issn = {1530-1605}
}

@article{Trefke2012a,
    title = {{An approach to smart grid related enterprise architecture development}},
    year = {2012},
    journal = {2012 International Conference on Smart Grid Technology, Economics and Policies, SG-TEP 2012},
    author = {Trefke, J and Danekas, C and J., Trefke and C., Danekas},
    pages = {1--4},
    publisher = {IEEE},
    url = {http://www.scopus.com/inward/record.url?eid=2-s2.0-84890870607&partnerID=40&md5=83b0c81736a487c9700239e951bd82e2},
    doi = {10.1109/SG-TEP.2012.6642394},
    keywords = {SGEAD-method, business economics, smart power grids}
}

@article{Mohamed2012a,
    title = {{An evaluation of enterprise architecture frameworks for E-government}},
    year = {2012},
    journal = {Proceedings - ICCES 2012: 2012 International Conference on Computer Engineering and Systems},
    author = {Mohamed, Mohamed Ali and Galal-Edeen, Galal Hassan and Hassan, Hesham Ahmed and Hasanien, Ehab Ezzat},
    pages = {255--260},
    publisher = {IEEE},
    isbn = {9781467329613},
    doi = {10.1109/ICCES.2012.6408524},
    issn = {9780769536422},
    keywords = {E-government, EA, EAF, Enterprise Architecture, Enterprise Architecture Framework, Evaluation}
}

@article{Luo2016a,
    title = {{An impact analysis method of business processes evolution in enterprise architecture}},
    year = {2016},
    journal = {2016 International Conference on Progress in Informatics and Computing (PIC)},
    author = {Luo, Aimin and Fu, Jiong and Liu, Junxian},
    pages = {733--737},
    publisher = {IEEE},
    url = {http://ieeexplore.ieee.org/document/7949595/},
    isbn = {978-1-5090-3484-0},
    doi = {10.1109/PIC.2016.7949595},
    keywords = {business process, enterprise architecture, evolve}
}

@article{Hauder2013b,
    title = {{Analyzing task and technology characteristics for enterprise architecture management tool support}},
    year = {2013},
    journal = {Proceedings - IEEE International Enterprise Distributed Object Computing Workshop, EDOC},
    author = {Hauder, Matheus and Fiedler, Max and Matthes, Florian and W{\"{u}}st, Bj√∂rn},
    pages = {267--274},
    publisher = {IEEE},
    isbn = {978-1-4799-3048-7},
    doi = {10.1109/EDOCW.2013.36},
    issn = {15417719},
    keywords = {Collaboration, Enterprise architecture management, Enterprise wiki, Tool support}
}

@article{Davoudi2009a,
    title = {{ANew AHP-based Approach towards Enterprise Architecture Quality Attribute Analysis}},
    year = {2009},
    journal = {International Conference on Research Challenges in Information Science},
    author = {Davoudi, Mahsa Razavi and Aliee, Fereidoon Shams},
    publisher = {IEEE},
    url = {https://ieeexplore.ieee.org/document/5089297/},
    isbn = {9781424428656},
    doi = {10.1109/RCIS.2009.5089297},
    keywords = {ahp, assessment, attributes, ea, enterprise architecture}
}

@article{Sauermann2017b,
    title = {{Architecture management in software development organizations}},
    year = {2017},
    journal = {ACM Transactions on Applied Perceptions},
    author = {Sauermann, V and Frey, F},
    number = {3},
    pages = {1--14},
    volume = {2},
    publisher = {ACM},
    url = {https://www.scopus.com/inward/record.uri?eid=2-s2.0-85038432648&doi=10.1145%2F3147704.3147731&partnerID=40&md5=d221c22a441996bc1e3a520d771cc5a0},
    isbn = {9781450348485},
    doi = {10.1145/3147704.3147731}
}

@article{Wehling2017a,
    title = {{Automated recommendations for reducing unnecessary variability of technology architectures}},
    year = {2017},
    journal = {Proceedings of the 8th ACM SIGPLAN International Workshop on Feature-Oriented Software Development  - FOSD 2017},
    author = {Wehling, Kenny and Wille, David and Seidl, Christoph and Schaefer, Ina},
    pages = {1--10},
    publisher = {ACM},
    url = {http://dl.acm.org/citation.cfm?doid=3141848.3141849},
    isbn = {9781450355186},
    doi = {10.1145/3141848.3141849},
    keywords = {recommen-, technology architecture, variability}
}

@article{Drews2017a,
    title = {{Bimodal enterprise architecture management: The emergence of a New EAM function for a BizDevOps-based fast IT}},
    year = {2017},
    journal = {Proceedings - IEEE International Enterprise Distributed Object Computing Workshop, EDOCW},
    author = {Drews, Paul and Schirmer, Ingrid and Horlach, Bettina and Tekaat, Carsten},
    pages = {57--64},
    volume = {2017-Octob},
    publisher = {IEEE},
    isbn = {9781538615683},
    doi = {10.1109/EDOCW.2017.18},
    issn = {15417719},
    keywords = {Agile, BizDevOps, DevOps, Digital IT, Enterprise Architecture Management, Fast IT}
}

@article{Kehrer2016a,
    title = {{Categorizing Requirements for Enterprise Architecture Management in Big Data Literature}},
    year = {2016},
    journal = {2016 IEEE 20th International Enterprise Distributed Object Computing Workshop (EDOCW)},
    author = {Kehrer, S and Jugel, D and Zimmermann, A},
    pages = {1--8},
    publisher = {IEEE},
    isbn = {9781467399333},
    doi = {10.1109/EDOCW.2016.7584352},
    keywords = {Big Data;business data processing;data analysis;or}
}

@article{Chuang2010a,
    title = {{Challenges facing enterprise architects: A South African perspective}},
    year = {2010},
    journal = {Proceedings of the Annual Hawaii International Conference on System Sciences},
    author = {Chuang, Cheng Hui and Van Loggerenberg, Johan},
    pages = {1--10},
    publisher = {IEEE},
    isbn = {9780769538693},
    doi = {10.1109/HICSS.2010.449},
    issn = {15301605}
}

@article{Cardoso2013a,
    title = {{Challenges in performance analysis in enterprise architectures}},
    year = {2013},
    journal = {Proceedings - IEEE International Enterprise Distributed Object Computing Workshop, EDOC},
    author = {Cardoso, Evellin Cristine Souza},
    pages = {327--336},
    publisher = {IEEE},
    isbn = {978-1-4799-3048-7},
    doi = {10.1109/EDOCW.2013.43},
    issn = {15417719},
    keywords = {Business process management, Enterprise architecture, Goal modeling, Key performance indicators (KPIS)}
}

@article{Pulkkinen2015a,
    title = {{Collaborative EA Information Elicitation Method: The IEM for Business Architecture}},
    year = {2015},
    journal = {Proceedings - 17th IEEE Conference on Business Informatics, CBI 2015},
    author = {Pulkkinen, Mirja and Kapraali, Lassi},
    pages = {64--71},
    volume = {2},
    publisher = {IEEE},
    isbn = {9781467373401},
    doi = {10.1109/CBI.2015.33},
    issn = {2378-1963},
    keywords = {Enterprise Architecture, Method, Public Administration, Requirements elicitation}
}

@article{Kurpjuweit2009a,
    title = {{Concern-oriented business architecture engineering}},
    year = {2009},
    journal = {Proceedings of the 2009 ACM symposium on Applied Computing - SAC '09},
    author = {Kurpjuweit, Stephan and Winter, Robert},
    pages = {265},
    publisher = {ACM},
    url = {http://portal.acm.org/citation.cfm?doid=1529282.1529339},
    isbn = {9781605581668},
    doi = {10.1145/1529282.1529339},
    keywords = {Business Architecture, Business Architecture Engin, business architecture, business architecture engineering, procedure model, reference meta model, stakeholder}
}

@article{Espinosa2009a,
    title = {{Coordination and governance in geographically distributed enterprise architecting: An empirical research design}},
    year = {2009},
    journal = {Proceedings of the 42nd Annual Hawaii International Conference on System Sciences, HICSS},
    author = {Espinosa, J. Alberto and Boh, Wai Fong},
    pages = {1--10},
    publisher = {IEEE},
    isbn = {9780769534503},
    doi = {10.1109/HICSS.2009.133},
    issn = {1530-1605}
}

@inproceedings{Valtonen2010a,
    title = {{EA as a Tool in Change and Coherency Management-a Case of a Local Government}},
    year = {2010},
    booktitle = {Hawaii International Conference on System Sciences},
    author = {Valtonen, Katariina and Korhonen, Ismo and Rekonen, Riku and Lepp{\"{a}}nen, Mauri},
    pages = {1‚Äì10},
    publisher = {IEEE},
    url = {http://ieeexplore.ieee.org/abstract/document/5428307/},
    isbn = {9780769538693}
}

@inproceedings{FrankArmour2007,
    title = {{Enterprise Architecture : Challenges and Implementations}},
    year = {2007},
    booktitle = {Hawaii International Conference on System Sciences},
    author = {Armour, Frank and Kaisler, Stephen and Bitner, Jeff},
    pages = {7695},
    publisher = {IEEE},
    isbn = {0769527558}
}

@article{Getter2007a,
    title = {{Enterprise architecture and IT governance a risk-based approach}},
    year = {2007},
    journal = {Proceedings of the Annual Hawaii International Conference on System Sciences},
    author = {Getter, James R.},
    pages = {1--11},
    publisher = {IEEE},
    isbn = {0769527558},
    doi = {10.1109/HICSS.2007.210},
    issn = {15301605}
}

@article{Iyamu2011a,
    title = {{Enterprise architecture as Information Technology strategy}},
    year = {2011},
    journal = {Proceedings - 13th IEEE International Conference on Commerce and Enterprise Computing, CEC 2011},
    author = {Iyamu, Tiko},
    pages = {82--88},
    publisher = {IEEE},
    isbn = {9780769545356},
    doi = {10.1109/CEC.2011.33},
    keywords = {Business, Development and implementation, Enterprise architecture, IT, Strategy}
}

@article{Barn2013a,
    title = {{Enterprise architecture coherence and the model driven enterprise: is simulation the answer or are we flying kites?}},
    year = {2013},
    journal = {6th India Software Engineering Conference},
    author = {Barn, Balbir S and Clark, Tony and Loomes, Martin},
    pages = {97--102},
    publisher = {ACM},
    isbn = {1450319874},
    doi = {10.1145/2442754.2442769},
    keywords = {all or part of, argumentation, is granted without fee, model driven engineering, or hard copies of, permission to make digital, personal or classroom use, provided that copies are, simulation, this work for}
}

@article{Lee2014a,
    title = {{Enterprise architecture content model applied to complexity management while delivering IT services}},
    year = {2014},
    journal = {Proceedings - 2014 IEEE International Conference on Services Computing, SCC 2014},
    author = {Lee, Heesung and Ramanathan, Jay and Hossain, Zahid and Kumar, Praveen and Weirwille, Ben and Ramnath, Rajiv},
    pages = {408--415},
    publisher = {IEEE},
    isbn = {9781479950669},
    doi = {10.1109/SCC.2014.61},
    keywords = {Complexity management, Content meta-model, Enterprise architecture, IT service management}
}

@article{Cagle2012a,
    title = {{Enterprise architecture facilitates adopting Agile development methodologies into a DoD acquisition}},
    year = {2012},
    journal = {SysCon 2012 - 2012 IEEE International Systems Conference, Proceedings},
    author = {Cagle, Rick},
    pages = {19--23},
    publisher = {IEEE},
    isbn = {9781467307499},
    doi = {10.1109/SysCon.2012.6189431}
}

@article{Tong2011a,
    title = {{Enterprise architecture for addressing business transformation challenges: The case of embedded mobile provisioning process in the telecommunications industry}},
    year = {2011},
    journal = {Proceedings - IEEE International Enterprise Distributed Object Computing Workshop, EDOC},
    author = {Tong, Marcos and Bender, Harald and Kolehmainen, Mikko and Parantainen, Janne and Lehmann, Gerald},
    pages = {35--43},
    publisher = {IEEE},
    isbn = {9780769544250},
    doi = {10.1109/EDOC.2011.14},
    issn = {15417719},
    keywords = {Embedded-mobile, Enterprise-architecture, Framework, Intentional-modeling, Method, Provisioning-process, Reference-diagrams, Strategy-alignment, Strategy-initiative, Telecommunications, Transformation}
}

@article{Buckl2008a,
    title = {{Enterprise Architecture Management Patterns -- Exemplifying the Approach}},
    year = {2008},
    journal = {2008 12th International IEEE Enterprise Distributed Object Computing Conference},
    author = {Buckl, Sabine and Ernst, Alexander and Lankes, Josef and Matthes, Florian and Schweda, Christian},
    pages = {393--402},
    volume = {93},
    publisher = {IEEE},
    url = {http://ieeexplore.ieee.org/document/5071777/},
    isbn = {978-0-7695-3373-5},
    doi = {10.1109/EDOC.2008.75},
    issn = {1541-7719}
}

@inproceedings{Buckl2011d,
    title = {{Enterprise architecture management patterns for company-wide access views on business objects}},
    year = {2011},
    booktitle = {Proceedings of the 16th European Conference on Pattern Languages of Programs - EuroPLoP '11},
    author = {Buckl, Sabine and Matthes, Florian and Monahov, Ivan and Roth, Sascha and Schulz, Christopher and Schweda, Christian M},
    number = {3},
    pages = {1--12},
    volume = {2},
    publisher = {ACM},
    url = {http://dl.acm.org/citation.cfm?doid=2396716.2396727},
    address = {Irsee, Germany},
    isbn = {9781450313025},
    doi = {10.1145/2396716.2396727},
    keywords = {Design, Management Additional, Security, business objects, eam, eam patterns, enterprise architecture management}
}

@article{Abdallah2016a,
    title = {{Enterprise Architecture Measurement: A Systematic Mapping Study}},
    year = {2016},
    journal = {2016 4th International Conference on Enterprise Systems (ES)},
    author = {Abdallah, Ammar and Lapalme, James and Abran, Alain},
    pages = {13--20},
    publisher = {IEEE},
    url = {http://ieeexplore.ieee.org/document/7880427/},
    isbn = {978-1-5090-3790-2},
    doi = {10.1109/ES.2016.8},
    keywords = {9, and evidence-based research, ea artifacts, ea concepts, ea measurement terms, ea school of thoughts, enterprise architecture, knowledge, measurement lacks, ms, studies, the field of ea, to our, until recently}
}

@article{Saat2010a,
    title = {{Enterprise Architecture meta models for IT/business alignment situations}},
    year = {2010},
    journal = {Proceedings - IEEE International Enterprise Distributed Object Computing Workshop, EDOC},
    author = {Saat, Jan and Franke, Ulrik and Lagerstr{\"{o}}m, Robert and Ekstedt, Mathias},
    pages = {14--23},
    publisher = {IEEE},
    isbn = {9780769541631},
    doi = {10.1109/EDOC.2010.17},
    issn = {15417719},
    pmid = {25246403},
    arxivId = {arXiv:1011.1669v3},
    keywords = {Enterprise Architecture, IT/business alignment, Meta modeling}
}

@article{Llamosa-Villalba2015a,
    title = {{Enterprise architecture of Colombian Higher Education}},
    year = {2015},
    journal = {Proceedings - Frontiers in Education Conference, FIE},
    author = {Llamosa-Villalba, Ricardo and Carre{\~{n}}o, Luz Torres and Pa{\'{e}}z, Q. Ana M. and Delgado, Q. Dario J. and Barajas, Andres Bueno and Sneyder, Edgar Garcia},
    volume = {2014},
    publisher = {IEEE},
    isbn = {9781479984534},
    doi = {10.1109/FIE.2015.7344353},
    issn = {15394565},
    keywords = {Agile Methods, Enterprise Architecture, Maturity Models, Quality Assurance, Serious Play, Simulation}
}

@article{Gong2017b,
    title = {{Enterprise Architectures for Supporting the Adoption of Big Data}},
    year = {2017},
    journal = {Proceedings of the 18th Annual International Conference on Digital Government Research  - dg.o '17},
    author = {Gong, Yiwei and Janssen, Marijn},
    pages = {505--510},
    publisher = {ACM},
    url = {http://dl.acm.org/citation.cfm?doid=3085228.3085275},
    isbn = {9781450353175},
    doi = {10.1145/3085228.3085275}
}

@article{Drews2014a,
    title = {{From enterprise architecture to business ecosystem architecture: Stages and challenges for extending architectures beyond organizational boundaries}},
    year = {2014},
    journal = {Proceedings - IEEE International Enterprise Distributed Object Computing Workshop, EDOCW},
    author = {Drews, Paul and Schirmer, Ingrid},
    pages = {13--22},
    publisher = {IEEE},
    isbn = {9781479954704},
    doi = {10.1109/EDOCW.2014.12},
    issn = {15417719},
    keywords = {business ecosystem, collaborative network, enterprise architecture, inter-organizational architectures}
}

@article{Espinosa2008a,
    title = {{Geographically distributed enterprise architecting: Towards a theoretical framework}},
    year = {2008},
    journal = {Proceedings of the Annual Hawaii International Conference on System Sciences},
    author = {Espinosa, J. Alberto and Armour, Frank},
    pages = {1--10},
    publisher = {IEEE},
    isbn = {0769530753},
    doi = {10.1109/HICSS.2008.183},
    issn = {15301605}
}

@article{DePalo2012a,
    title = {{Healthcare interoperability through enterprise architecture}},
    year = {2012},
    journal = {Proceedings of the 6th International Conference on Ubiquitous Information Management and Communication - ICUIMC '12},
    author = {DePalo, Philip and Song, Yeong-Tae},
    pages = {1},
    publisher = {ACM},
    url = {http://dl.acm.org/citation.cfm?doid=2184751.2184837},
    isbn = {9781450311724},
    doi = {10.1145/2184751.2184837}
}

@article{Buckl2010a,
    title = {{How to make your enterprise architecture management endeavor fail!}},
    year = {2010},
    journal = {Proceedings of the 16th Conference on Pattern Languages of Programs - PLoP '09},
    author = {Buckl, Sabine and Ernst, Alexander M. and Matthes, Florian and Schweda, Christian M.},
    pages = {1},
    publisher = {ACM},
    url = {http://portal.acm.org/citation.cfm?doid=1943226.1943229},
    isbn = {9781605588735},
    doi = {10.1145/1943226.1943229},
    keywords = {Enterprise Architecture, System Cartography, EAM P}
}

@article{Irwin2009a,
    title = {{Identity, credential, and access management at NASA, from Zachman to attributes}},
    year = {2009},
    journal = {IDtrust '09: Proceedings of the 8th Symposium on Identity and Trust on the Internet},
    author = {Irwin, Corinne and Taylor, Dennis},
    pages = {1--14},
    publisher = {ACM},
    url = {http://portal.acm.org/citation.cfm?id=1527017.1527019%5Cnpapers2://publication/uuid/FD041683-EF95-48D8-805C-BDAB1EEAB292},
    isbn = {9781605584744},
    doi = {http://doi.acm.org/10.1145/1527017.1527019},
    keywords = {abac, attribute-based access control, control system, lacs, level of assurance, loa, logial access}
}

@article{Brosius2017a,
    title = {{Introducing a coordination perspective to enterprise architecture management research}},
    year = {2017},
    journal = {Proceedings - IEEE International Enterprise Distributed Object Computing Workshop, EDOCW},
    author = {Brosius, Maximilian and Aier, Stephan and Haki, M. Kazem},
    pages = {71--78},
    volume = {2017-Octob},
    publisher = {IEEE},
    isbn = {9781538615683},
    doi = {10.1109/EDOCW.2017.20},
    issn = {15417719},
    keywords = {Artifact modalities, Coordination, Coordination mechanisms, Enterprise architecture management (EAM), The Open Group Architecture Framework (TOGAF)}
}

@article{Armour2008a,
    title = {{Introduction to enterprise architecture: Challenges and implementations minitrack}},
    year = {2008},
    journal = {Proceedings of the Annual Hawaii International Conference on System Sciences},
    author = {Armour, Frank and Kaisler, Stephen and Bitner, Jeff},
    publisher = {IEEE},
    isbn = {0769530753},
    doi = {10.1109/HICSS.2008.269},
    issn = {15301605}
}

@article{Armour2016a,
    title = {{Introduction to the Business and Enterprise Architecture Minitrack: Processes, Approaches and Challenges}},
    year = {2016},
    journal = {2016 49th Hawaii International Conference on System Sciences (HICSS)},
    author = {Armour, Frank and Kaisler, Stephen},
    pages = {4535--4535},
    publisher = {IEEE},
    url = {http://ieeexplore.ieee.org/document/7427749/},
    isbn = {978-0-7695-5670-3},
    doi = {10.1109/HICSS.2016.563}
}

@article{Najafi2010a,
    title = {{KASRA Framework: A Service Oriented Enterprise Architecture Framework (SOEAF)}},
    year = {2010},
    journal = {2010 6th World Congress on Services},
    author = {Najafi, Elahe and Baraani, Ahmad},
    pages = {172--173},
    publisher = {IEEE},
    url = {http://ieeexplore.ieee.org/document/5575813/},
    isbn = {978-1-4244-8199-6},
    doi = {10.1109/SERVICES.2010.41},
    keywords = {enterprise architecture, enterprise architecture framework, oriented enterprise architecture, oriented enterprise architecture framework, service, soea, soeaf}
}

@article{Becker2011a,
    title = {{Modeling digital preservation capabilities in enterprise architecture}},
    year = {2011},
    journal = {Proceedings of the 12th {\ldots}},
    author = {Becker, C and Antunes, G and Barateiro, J},
    pages = {84--93},
    publisher = {ACM},
    url = {http://dl.acm.org/citation.cfm?id=2037570},
    isbn = {9781450307628},
    keywords = {digital preservation, enterprise architecture, it governance}
}

@article{Salgado2013a,
    title = {{Modeling the alignment between business and IS/IT}},
    year = {2013},
    journal = {Proceedings of the 28th Annual ACM Symposium on Applied Computing - SAC '13},
    author = {Salgado, Carlos and Machado, Ricardo J. and Suzana, Rita},
    pages = {1309},
    publisher = {ACM},
    url = {http://dl.acm.org/citation.cfm?doid=2480362.2480607},
    isbn = {9781450316569},
    doi = {10.1145/2480362.2480607},
    keywords = {Business-IS/IT Alignment, Business Model, Strategy, business model, business-is, enterprise modeling and architecture, it alignment, modeling, strategy and goal}
}

@article{Adhikari2011a,
    title = {{National ID project of Nepal}},
    year = {2011},
    journal = {Proceedings of the 5th International Conference on Theory and Practice of Electronic Governance - ICEGOV '11},
    author = {Adhikari, Ganesh Prasad},
    pages = {379},
    publisher = {ACM},
    url = {http://dl.acm.org/citation.cfm?doid=2072069.2072151},
    isbn = {9781450307468},
    doi = {10.1145/2072069.2072151}
}

@article{Antunes2014a,
    title = {{Ontology-based enterprise architecture model analysis}},
    year = {2014},
    journal = {Proceedings of the 29th Annual ACM Symposium on Applied Computing - SAC '14},
    author = {Antunes, Gon√ßalo and Bakhshandeh, Marzieh and Mayer, Rudolf and Borbinha, Jos√© and Caetano, Artur},
    pages = {1420--1422},
    publisher = {ACM},
    url = {http://dl.acm.org/citation.cfm?doid=2554850.2555176},
    isbn = {9781450324694},
    doi = {10.1145/2554850.2555176},
    keywords = {archimate, enterprise architecture, ontology}
}

@article{Akkasi2008a,
    title = {{Presenting a method for benchmarking application in the enterprise architecture planning process based on federal enterprise architecture framework}},
    year = {2008},
    journal = {2008 3rd International Conference on Information and Communication Technologies: From Theory to Applications, ICTTA},
    author = {Akkasi, Abbas and Seyyedi, Mir Ali and Shams, Fereydon},
    publisher = {IEEE},
    isbn = {1424417511},
    doi = {10.1109/ICTTA.2008.4529988},
    keywords = {Architecture reference models, Best practice, Enterprise architecture planning process, Federal enterprise architecture framework, Terminology - benchmarking}
}

@article{Dang2016a,
    title = {{Root causes of Enterprise architecture problems in the public sector}},
    year = {2016},
    journal = {Pacific Asia Conference on Information Systems},
    author = {Dang, D D and Pekkola, S},
    publisher = {IEEE},
    url = {https://www.scopus.com/inward/record.uri?eid=2-s2.0-85011114091&partnerID=40&md5=1b5ede8522c1c75b0d297b44ea906983},
    isbn = {9789860491029}
}

@article{Engels2008a,
    title = {{Service-oriented enterprise architectures: Evolution of concepts and methods}},
    year = {2008},
    journal = {Proceedings - 12th IEEE International Enterprise Distributed Object Computing Conference, EDOC 2008},
    author = {Engels, Gregor and Assmann, Martin},
    publisher = {IEEE},
    isbn = {9780769533735},
    doi = {10.1109/EDOC.2008.48},
    issn = {1541-7719}
}

@article{VanDerMerwe2013a,
    title = {{The Impact of managerial Enterprise Architecture decisions on software development employees}},
    year = {2013},
    journal = {Proceedings of the 1st International Conference on Enterprise Systems, ES 2013},
    author = {Van Der Merwe, Alta and Gerber, Aurona and Van Der Linde, Judith},
    publisher = {IEEE},
    isbn = {9781467364126},
    doi = {10.1109/ES.2013.6690093},
    keywords = {Enterprise Architecture (EA), Impact of Enterprise Architecture, SDLC, Software Developer, Software developer roles and responsibilities, TOGAF, TOGAF ADM, Zachman}
}

@article{Golnam2013a,
    title = {{The integration of an RE method and AHP: A pilot study in a large Swiss bank}},
    year = {2013},
    journal = {2013 21st IEEE International Requirements Engineering Conference, RE 2013 - Proceedings},
    author = {Golnam, Arash and Regev, Gil and Wegmann, Alain and Kyriakopoulou, Sofia},
    pages = {308--313},
    publisher = {IEEE},
    isbn = {9781467357654},
    doi = {10.1109/RE.2013.6636735},
    issn = {1090-705X},
    keywords = {Analytic Hierarchy Process (AHP), Banking, Requirements Engineering, SEAM, Service Oriented Architecture (SOA), Switzerland}
}

@inproceedings{Carota2010a,
    title = {{The role of application cooperation in the marche Region Enterprise Architecture}},
    year = {2010},
    booktitle = {eChallenges e-2010 Conference Proceedings},
    author = {Carota, Serenella and Corradini, Flavio and Re, Barbara},
    pages = {1--8},
    publisher = {IEEE},
    url = {https://ieeexplore.ieee.org/document/5756559/},
    address = {Warsaw, Poland},
    isbn = {9780874216561},
    issn = {0717-6163},
    pmid = {15003161},
    arxivId = {arXiv:gr-qc/9809069v1},
    archivePrefix = {arXiv},
    eprint = {9809069v1},
    primaryClass = {gr-qc},
    keywords = {government data processing, government policies, information systems, innovation management, public administration, strategic planning}
}

@article{Espinosa2011a,
    title = {{The role of group cognition in enterprise architecting}},
    year = {2011},
    journal = {Proceedings of the Annual Hawaii International Conference on System Sciences},
    author = {Espinosa, J. Alberto and Armour, Frank and Boh, Wai Fong},
    pages = {1--10},
    publisher = {IEEE},
    isbn = {9780769542829},
    doi = {10.1109/HICSS.2011.428},
    issn = {15301605}
}

@article{Roychoudhury2014a,
    title = {{Toward structured simulation of enterprise models}},
    year = {2014},
    journal = {Proceedings - IEEE International Enterprise Distributed Object Computing Workshop, EDOCW},
    author = {Roychoudhury, Suman and Sunkle, Sagar and Rathod, Hemant and Kulkarni, Vinay},
    pages = {72--76},
    publisher = {IEEE},
    isbn = {9781479954704},
    doi = {10.1109/EDOCW.2014.19},
    issn = {15417719},
    keywords = {Enterprise Architecture, Enterprise Model, Simulation, System Dynamics}
}

@article{Buckl2011c,
    title = {{Towards an agile design of the enterprise architecture management function}},
    year = {2011},
    journal = {Proceedings - IEEE International Enterprise Distributed Object Computing Workshop, EDOC},
    author = {Buckl, Sabine and Matthes, Florian and Monahov, Ivan and Roth, Sascha and Schulz, Christopher and Schweda, Christian M.},
    pages = {322--329},
    publisher = {IEEE},
    isbn = {9780769544267},
    doi = {10.1109/EDOCW.2011.33},
    issn = {15417719},
    keywords = {Agile methods, EA management, Enterprise architecture, Scrum}
}

@article{Goel2009a,
    title = {{Towards formalizing Virtual Enterprise Architecture}},
    year = {2009},
    journal = {2009 13th Enterprise Distributed Object Computing Conference Workshops},
    author = {Goel, A and Schmidt, H and Gilbert, D},
    pages = {238--242},
    publisher = {IEEE},
    isbn = {9781424455638},
    doi = {10.1109/EDOCW.2009.5331991},
    issn = {2325-6583},
    keywords = {software architecture;virtual enterprises;collabor}
}

@article{Sandkuhl2017a,
    title = {{Towards integration methods of product-IT into enterprise architectures}},
    year = {2017},
    journal = {Proceedings - IEEE International Enterprise Distributed Object Computing Workshop, EDOCW},
    author = {Sandkuhl, Kurt and Seigerroth, Ulf and Kaidalova, Julia},
    pages = {23--28},
    volume = {2017-Octob},
    publisher = {IEEE},
    isbn = {9781538615683},
    doi = {10.1109/EDOCW.2017.13},
    issn = {15417719},
    keywords = {Enterprise Architecture Management, Enterprise-IT, Integration, Product-IT}
}

@article{Antunes2013a,
    title = {{Using Ontologies for Enterprise Architecture Analysis}},
    year = {2013},
    journal = {2013 17th IEEE International Enterprise Distributed Object Computing Conference Workshops},
    author = {Antunes, Goncalo and Bakhshandeh, Marzieh and Mayer, Rudolf and Borbinha, Jose and Caetano, Artur},
    pages = {361--368},
    publisher = {IEEE},
    url = {http://ieeexplore.ieee.org/document/6690573/},
    isbn = {978-1-4799-3048-7},
    doi = {10.1109/EDOCW.2013.47},
    issn = {15417719}
}

@article{Benavides2013a,
    title = {{Variability management in an unaware software product line company}},
    year = {2013},
    journal = {Proceedings of the Eighth International Workshop on Variability Modelling of Software-Intensive Systems - VaMoS '14},
    author = {Benavides, David and Galindo, Jos√© A.},
    pages = {1--6},
    publisher = {ACM},
    url = {http://dl.acm.org/citation.cfm?doid=2556624.2556633},
    isbn = {9781450325561},
    doi = {10.1145/2556624.2556633}
}